<?xml version="1.0" encoding="UTF-8"?><collection xmlns="http://www.loc.gov/MARC21/slim"><record><leader>00348nam--2200121-i-4500</leader><controlfield tag="001">000011553</controlfield><controlfield tag="002">20161230</controlfield><controlfield tag="005">20161230201029</controlfield><controlfield tag="008">060222s1000------------r-----000-0-eng-d</controlfield><datafield ind1=" " ind2=" " tag="100"><subfield code="a">De Vries, Gerard And Norrie, Douglas H</subfield></datafield><datafield ind1=" " ind2=" " tag="245"><subfield code="a">The finite element method fundamentals and applications</subfield></datafield><datafield ind1=" " ind2=" " tag="260"><subfield code="a">New York, Academic Press, 1973</subfield></datafield><datafield ind1=" " ind2=" " tag="490"><subfield code="a">Xii+322p</subfield></datafield></record></collection>